@book{Parr2009,
 author = {Parr, Terence},
 title = {Language Implementation Patterns: Create Your Own Domain-Specific and General Programming Languages},
 year = {2009},
 isbn = {193435645X, 9781934356456},
 edition = {1st},
 publisher = {Pragmatic Bookshelf}
} 

@book{Parr2013,
 author = {Parr, Terence},
 title = {The Definitive ANTLR 4 Reference},
 year = {2013},
 isbn = {1934356999, 9781934356999},
 edition = {2nd},
 publisher = {Pragmatic Bookshelf}
} 

@ONLINE{grammar,
	title= {antlr grammars-v4},
	howpublished = "\url{https://github.com/antlr/grammars-v4/blob/master/c/C.g4}",
	lastchecked={22.01.2019},
	year={2019}
}

@book{mogensen,
author = {Mogensen, Torben},
year = {2011},
month = {01},
pages = {},
title = {Introduction to Compiler Design},
doi = {10.1007/978-0-85729-829-4}
}

@ONLINE{fiddle,
	author = {JSFiddle},
	title = {JSFiddle},
	howpublished = "\url{https://jsfiddle.net/}",
	lastchecked = {22.01.2019},
	year= {2019}
}

@ONLINE{antlr,
	title = {ANTLR v4},
	author = {Parr, Terence},
	howpublished = "\url{https://www.antlr.org/}",
	lastchecked = {22.01.2019}
}